
@article{bowler_phas0030_nodate,
	title = {{PHAS0030}: {Computational} {PhysicsMini}-project briefing: complex orbital dynamics},
	language = {en},
	author = {Bowler, David},
}

@misc{noauthor_angular_nodate,
	title = {Angular {Momentum}},
	url = {http://hyperphysics.phy-astr.gsu.edu/hbase/amom.html},
	urldate = {2023-03-23},
}

@misc{noauthor_gravitational_nodate,
	title = {Gravitational {Potential} {Energy}},
	url = {http://hyperphysics.phy-astr.gsu.edu/hbase/gpot.html},
	urldate = {2023-03-23},
}

@misc{noauthor_research_nodate,
	title = {Research degrees {\textbar} {Prospective} {Students} {Graduate} - {UCL} – {University} {College} {London}},
	url = {https://www.ucl.ac.uk/prospective-students/graduate/research-degrees?query=mathematics},
	urldate = {2023-03-23},
}

@incollection{kluever_spaceflight_2003,
	title = {Spaceflight {Mechanics}},
	isbn = {978-0-12-227410-7},
	url = {https://linkinghub.elsevier.com/retrieve/pii/B0122274105008929},
	language = {en},
	urldate = {2023-03-22},
	booktitle = {Encyclopedia of {Physical} {Science} and {Technology}},
	publisher = {Elsevier},
	author = {Kluever, Craig A.},
	year = {2003},
	doi = {10.1016/B0-12-227410-5/00892-9},
	pages = {507--520},
}

@misc{noauthor_pii_nodate,
	title = {{PII}: {B0122274105008929} {\textbar} {Elsevier} {Enhanced} {Reader}},
	shorttitle = {{PII}},
	url = {https://reader.elsevier.com/reader/sd/pii/B0122274105008929?token=521827AFCCE9CEBCC68F06691635539BE6278AA5AC6C7695A70343E8064B2F58E08FEE2A12D2AB9790F01DC444626BBB&originRegion=eu-west-1&originCreation=20230322171558},
	language = {en},
	urldate = {2023-03-22},
	doi = {10.1016/B0-12-227410-5/00892-9},
}

@misc{noauthor_sphere_nodate,
	title = {Sphere of {Influence} — {Orbital} {Mechanics} \& {Astrodynamics}},
	url = {https://orbital-mechanics.space/interplanetary-maneuvers/sphere-of-influence.html},
	urldate = {2023-03-22},
}

@misc{noauthor_basics_nodate,
	title = {Basics of {Space} {Flight} - {Solar} {System} {Exploration}: {NASA} {Science}},
	shorttitle = {Basics of {Space} {Flight} - {Solar} {System} {Exploration}},
	url = {https://solarsystem.nasa.gov/basics/primer/},
	abstract = {NASA’s real-time science encyclopedia of deep space exploration. Our scientists and far-ranging robots explore the wild frontiers of our solar system.},
	language = {en},
	urldate = {2023-03-22},
	journal = {NASA Solar System Exploration},
}

@misc{noauthor_210_2018,
	title = {2.10: {Work} and {Kinetic} {Energy} for a {Many}-{Body} {System}},
	shorttitle = {2.10},
	url = {https://phys.libretexts.org/Bookshelves/Classical_Mechanics/Variational_Principles_in_Classical_Mechanics_(Cline)/02%3A_Review_of_Newtonian_Mechanics/2.10%3A_Work_and_Kinetic_Energy_for_a_Many-Body_System},
	abstract = {Path and time-independence of forces may be used to relate to conservation of energy and momentum, and vice versa.},
	language = {en},
	urldate = {2023-03-22},
	journal = {Physics LibreTexts},
	month = mar,
	year = {2018},
}

@misc{noauthor_feynman_nodate,
	title = {The {Feynman} {Lectures} on {Physics} {Vol}. {I} {Ch}. 4: {Conservation} of {Energy}},
	url = {https://www.feynmanlectures.caltech.edu/I_04.html},
	urldate = {2023-03-22},
}

@article{bowler_phas0030_nodate-1,
	title = {{PHAS0030}: {Computational} {Physics} {Session} 4: {Ordinary} {Differential} {Equations}},
	language = {en},
	author = {Bowler, David},
}

@book{newton_principia_1999,
	address = {Berkeley},
	title = {The {Principia}: mathematical principles of natural philosophy},
	isbn = {978-0-520-08816-0 978-0-520-08817-7},
	shorttitle = {The {Principia}},
	language = {eng},
	publisher = {University of California Press},
	author = {Newton, Isaac and Cohen, I. Bernard and Whitman, Anne Miller},
	year = {1999},
	keywords = {Celestial mechanics, Early works to 1800, Mechanics, Newton, Isaac, Principia},
}

@misc{administrator_pioneer_2015,
	title = {The {Pioneer} {Missions}},
	url = {http://www.nasa.gov/centers/ames/missions/archive/pioneer.html},
	abstract = {2007-- After more than 30 years, it appears the venerable Pioneer 10 spacecraft has sent its last signal to Earth.},
	language = {en},
	urldate = {2023-03-22},
	journal = {NASA},
	author = {Administrator, NASA Content},
	month = mar,
	year = {2015},
	note = {Publisher: Brian Dunbar},
}

@misc{noauthor_luna_nodate,
	title = {Luna 3 orbit},
	url = {https://www.planetary.org/space-images/luna-3-orbit},
	abstract = {A diagram of the Luna 3 spacecraft trajectory, displaying the gravitational slingshot (gravity assist) around the Moon and the change in the spacecraft orbital plane.},
	language = {en},
	urldate = {2023-03-22},
	journal = {The Planetary Society},
}

@misc{noauthor_kondratuk_nodate,
	title = {Kondratuk {Yuri} {Vasilievich} - a pioneer of astronautics {\textbar} {Igor} {Sikorsky} {Kyiv} {Polytechnic} {Institute}},
	url = {https://kpi.ua/en/kondratiuk},
	urldate = {2023-03-22},
}

@book{thornton_classical_2021,
	title = {Classical {Dynamics} of {Particles} and {Systems}},
	isbn = {978-0-357-88611-3},
	abstract = {This best-selling classical mechanics text, written for the advanced undergraduate one- or two-semester course, provides a complete account of the classical mechanics of particles, systems of particles, and rigid bodies. Vector calculus is used extensively to explore topics.The Lagrangian formulation of mechanics is introduced early to show its powerful problem solving ability.. Modern notation and terminology are used throughout in support of the text's objective: to facilitate students' transition to advanced physics and the mathematical formalism needed for the quantum theory of physics. CLASSICAL DYNAMICS OF PARTICLES AND SYSTEMS can easily be used for a one- or two-semester course, depending on the instructor's choice of topics.Important Notice: Media content referenced within the product description or the product text may not be available in the ebook version.},
	language = {en},
	publisher = {Cengage Learning},
	author = {Thornton, Stephen T. and Marion, Jerry B.},
	month = jul,
	year = {2021},
	note = {Google-Books-ID: emI4EAAAQBAJ},
	keywords = {Education / Teaching / Subjects / Arts \& Humanities},
}
